%%%%%%%% Article Citations 
@article{voulodimos2018deep,
  title={Deep learning for computer vision: A brief review},
  author={Voulodimos, Athanasios and Doulamis, Nikolaos and Doulamis, Anastasios and Protopapadakis, Eftychios},
  journal={Computational intelligence and neuroscience},
  volume={2018},
  year={2018},
  publisher={Hindawi}
}

@article{radford2019language,
  title={Language models are unsupervised multitask learners},
  author={Radford, Alec and Wu, Jeffrey and Child, Rewon and Luan, David and Amodei, Dario and Sutskever, Ilya},
  journal={OpenAI Blog},
  volume={1},
  number={8},
  pages={9},
  year={2019}
}

@misc{silver2017mastering,
    title={Mastering Chess and Shogi by Self-Play with a General Reinforcement Learning Algorithm},
    author={David Silver and Thomas Hubert and Julian Schrittwieser and Ioannis Antonoglou and Matthew Lai and Arthur Guez and Marc Lanctot and Laurent Sifre and Dharshan Kumaran and Thore Graepel and Timothy Lillicrap and Karen Simonyan and Demis Hassabis},
    year={2017},
    eprint={1712.01815},
    archivePrefix={arXiv},
    primaryClass={cs.AI}
}

@article{DBLP:journals/corr/abs-1904-01557,
  author    = {David Saxton and
               Edward Grefenstette and
               Felix Hill and
               Pushmeet Kohli},
  title     = {Analysing Mathematical Reasoning Abilities of Neural Models},
  journal   = {CoRR},
  volume    = {abs/1904.01557},
  year      = {2019},
  url       = {http://arxiv.org/abs/1904.01557},
  archivePrefix = {arXiv},
  eprint    = {1904.01557},
  timestamp = {Wed, 24 Apr 2019 12:21:25 +0200},
  biburl    = {https://dblp.org/rec/journals/corr/abs-1904-01557.bib},
  bibsource = {dblp computer science bibliography, https://dblp.org}
}

@article{hochreiter1997long,
  title={Long short-term memory},
  author={Hochreiter, Sepp and Schmidhuber, J{\"u}rgen},
  journal={Neural computation},
  volume={9},
  number={8},
  pages={1735--1780},
  year={1997},
  publisher={MIT Press}
}

@misc{kaiser2015neural,
    title={Neural GPUs Learn Algorithms},
    author={Łukasz Kaiser and Ilya Sutskever},
    year={2015},
    eprint={1511.08228},
    archivePrefix={arXiv},
    primaryClass={cs.LG}
}

@inproceedings{allamanis2017learning,
  title={Learning continuous semantic representations of symbolic expressions},
  author={Allamanis, Miltiadis and Chanthirasegaran, Pankajan and Kohli, Pushmeet and Sutton, Charles},
  booktitle={Proceedings of the 34th International Conference on Machine Learning-Volume 70},
  pages={80--88},
  year={2017},
  organization={JMLR. org}
}

@misc{evans2018neural,
    title={Can Neural Networks Understand Logical Entailment?},
    author={Richard Evans and David Saxton and David Amos and Pushmeet Kohli and Edward Grefenstette},
    year={2018},
    eprint={1802.08535},
    archivePrefix={arXiv},
    primaryClass={cs.NE}
}

@inproceedings{kushman2014learning,
  title={Learning to automatically solve algebra word problems},
  author={Kushman, Nate and Artzi, Yoav and Zettlemoyer, Luke and Barzilay, Regina},
  booktitle={Proceedings of the 52nd Annual Meeting of the Association for Computational Linguistics (Volume 1: Long Papers)},
  pages={271--281},
  year={2014}
}

@inproceedings{huang2016well,
  title={How well do computers solve math word problems? large-scale dataset construction and evaluation},
  author={Huang, Danqing and Shi, Shuming and Lin, Chin-Yew and Yin, Jian and Ma, Wei-Ying},
  booktitle={Proceedings of the 54th Annual Meeting of the Association for Computational Linguistics (Volume 1: Long Papers)},
  pages={887--896},
  year={2016}
}

@misc{vaswani2017attention,
    title={Attention Is All You Need},
    author={Ashish Vaswani and Noam Shazeer and Niki Parmar and Jakob Uszkoreit and Llion Jones and Aidan N. Gomez and Lukasz Kaiser and Illia Polosukhin},
    year={2017},
    eprint={1706.03762},
    archivePrefix={arXiv},
    primaryClass={cs.CL}
}

@article{upadhyay2016annotating,
  title={Annotating derivations: A new evaluation strategy and dataset for algebra word problems},
  author={Upadhyay, Shyam and Chang, Ming-Wei},
  journal={arXiv preprint arXiv:1609.07197},
  year={2016}
}

@inproceedings{wang2017deep,
  title={Deep neural solver for math word problems},
  author={Wang, Yan and Liu, Xiaojiang and Shi, Shuming},
  booktitle={Proceedings of the 2017 Conference on Empirical Methods in Natural Language Processing},
  pages={845--854},
  year={2017}
}

@article{ling2017program,
  title={Program induction by rationale generation: Learning to solve and explain algebraic word problems},
  author={Ling, Wang and Yogatama, Dani and Dyer, Chris and Blunsom, Phil},
  journal={arXiv preprint arXiv:1705.04146},
  year={2017}
}

@misc{lample2019deep,
    title={Deep Learning for Symbolic Mathematics},
    author={Guillaume Lample and François Charton},
    year={2019},
    eprint={1912.01412},
    archivePrefix={arXiv},
    primaryClass={cs.SC}
}

@article{wallace2019nlp,
  title={Do NLP Models Know Numbers? Probing Numeracy in Embeddings},
  author={Wallace, Eric and Wang, Yizhong and Li, Sujian and Singh, Sameer and Gardner, Matt},
  journal={arXiv preprint arXiv:1909.07940},
  year={2019}
}

@inproceedings{vaswani2017attention,
  title={Attention is all you need},
  author={Vaswani, Ashish and Shazeer, Noam and Parmar, Niki and Uszkoreit, Jakob and Jones, Llion and Gomez, Aidan N and Kaiser, {\L}ukasz and Polosukhin, Illia},
  booktitle={Advances in neural information processing systems},
  pages={5998--6008},
  year={2017}
  }

@inproceedings{paszke2019pytorch,
  title={PyTorch: An imperative style, high-performance deep learning library},
  author={Paszke, Adam and Gross, Sam and Massa, Francisco and Lerer, Adam and Bradbury, James and Chanan, Gregory and Killeen, Trevor and Lin, Zeming and Gimelshein, Natalia and Antiga, Luca and others},
  booktitle={Advances in Neural Information Processing Systems},
  pages={8024--8035},
  year={2019}
  }
  
  @misc{nlp-tutorial,
  author = {graykode},
  title = {nlp-tutorial},
  year = {2019},
  publisher = {GitHub},
  journal = {GitHub repository},
  howpublished = {\url{https://github.com/graykode/nlp-tutorial}},
  commit = {cb4881ebf6683dc6970c53a2cf50d5fd01edf118}
}

@misc{pytorch_math_dataset,
author = {mandubian},
title = {pytorch_math_dataset},
year = {2019},
publisher = {GitHub},
journal = {GitHub repository},
howpublished = {\url(https://github.com/mandubian/pytorch_math_dataset}},
commit = {c54f46ef3a752572901e9b381f3ce71e4045159d}
}
@misc{nlp-tutorial,
  author = {graykode},
  title = {nlp-tutorial},
  year = {2019},
  publisher = {GitHub},
  journal = {GitHub repository},
  howpublished = {\url{https://github.com/graykode/nlp-tutorial}},
  commit = {cb4881ebf6683dc6970c53a2cf50d5fd01edf118}
}

  @misc{attention-is-all-you-need,
  author = {jadore801120},
  title = {attention-is-all-you-need},
  year = {2017},
  publisher = {GitHub},
  journal = {GitHub repository},
  howpublished = {\url{https://github.com/jadore801120/attention-is-all-you-need-pytorch}},
  commit = {76762bb08225014fb3055a9d07f0043aba972d68}
}

@article{vaswani2018tensor2tensor,
  title={Tensor2tensor for neural machine translation},
  author={Vaswani, Ashish and Bengio, Samy and Brevdo, Eugene and Chollet, Francois and Gomez, Aidan N and Gouws, Stephan and Jones, Llion and Kaiser, {\L}ukasz and Kalchbrenner, Nal and Parmar, Niki and others},
  journal={arXiv preprint arXiv:1803.07416},
  year={2018}
}
  @misc{sonnet,
  author = {DeepMind},
  title = {sonnet},
  year = {2019},
  publisher = {GitHub},
  journal = {GitHub repository},
  howpublished = {\url{https://github.com/deepmind/sonnet}},
}
  @misc{hs-math-nlp,
  author = {Andrew Schreiber, Taylor Kulp-McDowall},
  title = {Replication of "Analysing Mathematical Reasoning Abilities of Neural Models"},
  year = {2019},
  publisher = {GitHub},
  journal = {GitHub repository},
  howpublished = {\url{https://github.com/andrewschreiber/hs-math-nlp}},
}

  @misc{dataset,
  author = {David Saxton and
               Edward Grefenstette and
               Felix Hill and
               Pushmeet Kohli},
  title = {Mathematics Dataset},
  year = {2019},
  publisher = {Google},
  journal = {Google repository},
  howpublished = {\url{https://console.cloud.google.com/storage/browser/mathematics-dataset}},
}

@misc{tensorboard,
title={{TensorFlow}: Large-Scale Machine Learning on Heterogeneous Systems},
url={http://tensorflow.org/},
note={Software available from tensorflow.org},
author={
    Mart\'{\i}n~Abadi and
    Ashish~Agarwal and
    Paul~Barham and
    Eugene~Brevdo and
    Zhifeng~Chen and
    Craig~Citro and
    Greg~S.~Corrado and
    Andy~Davis and
    Jeffrey~Dean and
    Matthieu~Devin and
    Sanjay~Ghemawat and
    Ian~Goodfellow and
    Andrew~Harp and
    Geoffrey~Irving and
    Michael~Isard and
    Yangqing Jia and
    Rafal~Jozefowicz and
    Lukasz~Kaiser and
    Manjunath~Kudlur and
    Josh~Levenberg and
    Dan~Man\'{e} and
    Rajat~Monga and
    Sherry~Moore and
    Derek~Murray and
    Chris~Olah and
    Mike~Schuster and
    Jonathon~Shlens and
    Benoit~Steiner and
    Ilya~Sutskever and
    Kunal~Talwar and
    Paul~Tucker and
    Vincent~Vanhoucke and
    Vijay~Vasudevan and
    Fernanda~Vi\'{e}gas and
    Oriol~Vinyals and
    Pete~Warden and
    Martin~Wattenberg and
    Martin~Wicke and
    Yuan~Yu and
    Xiaoqiang~Zheng},
  year={2015},
}

@article{sympy,
author = {Meurer, Aaron and Smith, Christopher and Paprocki, Mateusz and Čertík, Ondřej and Kirpichev, Sergey and Rocklin, Matthew and Kumar, AMiT and Ivanov, Sergiu and Moore, Jason and Singh, Sartaj and Rathnayake, Thilina and Vig, Sean and Granger, Brian and Muller, Richard and Bonazzi, Francesco and Gupta, Harsh and Vats, Shivam and Johansson, Fredrik and Pedregosa, Fabian and Scopatz, Anthony},
year = {2017},
month = {01},
pages = {e103},
title = {SymPy: Symbolic computing in Python},
volume = {3},
journal = {PeerJ Computer Science},
doi = {10.7717/peerj-cs.103}
}

%%%%%%%% Irrelevant 

@article{Rougier:2018,
  doi = {10.1038/d41586-018-04628-w},
  year = {2018},
  month = apr,
  publisher = {Springer Nature},
  volume = {556},
  number = {7701},
  pages = {309--309},
  author = {Rougier, Nicolas P. and Hinsen, Konrad},
  title = {Code reviewing puts extra demands on referees },
  journal = {Nature},
}

@article{Science:2018,
  doi = {10.1126/science.359.6377.725},
  author = {Hutson, Matthew},
  url = {http://science.sciencemag.org/content/359/6377/725},
  year = {2018},
  month = feb,
  volume = {359},
  number = {6377},
  title = {Artificial intelligence faces a replication crisis},
  journal = {Science},
}

@Misc{Roboto:2011,
  author =       {Christian Robertson},
  title =        {The Roboto family of fonts (Google)},
  url =          {https://github.com/google/roboto},
  year =         2011,
  note =         {Apache License, verison 2.0},
}

@Misc{SourceSerifPro:2014,
  author =       {Frank Grießhammer},
  title =        {Source Serif Pro (Adobe Systems)},
  url =          {https://github.com/adobe-fonts/source-serif-pro},
  year =         2014,
  note =         {SIL Open Font License, version 1.1},
}

@Misc{SourceCodePro:2012,
  author =       {Paul D. Hunt},
  title =        {Source Code Pro (Adobe Systems)},
  url =          {https://github.com/adobe-fonts/source-code-pro},
  year =         2012,
  note =         {SIL Open Font License, version 1.1},
}


@article{Rougier:2017,
  doi =          {10.7717/peerj-cs.142},
  author =       {Nicolas P. Rougier and Konrad Hinsen and Frédéric Alexandre
                  and Thomas Arildsen and Lorena Barba and Fabien
                  C. Y. Benureau and C. Titus Brown and Pierre de Buyl and Ozan
                  Caglayan and Andrew P. Davison and Marc André Delsuc and
                  Georgios Detorakis and Alexandra K. Diem and Damien Drix and
                  Pierre Enel and Benoît Girard and Olivia Guest and Matt
                  G. Hall and Rafael Neto Henriques and Xavier Hinaut and Kamil
                  S Jaron and Mehdi Khamassi and Almar Klein and Tiina Manninen
                  and Pietro Marchesi and Dan McGlinn and Christoph Metzner and
                  Owen L. Petchey and Hans Ekkehard Plesser and Timothée Poisot
                  and Karthik Ram and Yoav Ram and Etienne Roesch and Cyrille
                  Rossant and Vahid Rostami and Aaron Shifman and Joseph
                  Stachelek and Marcel Stimberg and Frank Stollmeier and
                  Federico Vaggi and Guillaume Viejo and Julien Vitay and Anya
                  Vostinar and Roman Yurchak and Tiziano Zito},
  title =        {{Sustainable computational science: the ReScience
                  initiative}},
  journal =      {{PeerJ} Computer Science},
  month =        12,
  volume =       3,
  pages =        {e142},
  year =         2017,
  github =       {https://github.com/ReScience/ReScience-article-2},
  keywords =     {journal},
  tags =         {OS},
}
